% This file was created with JabRef 2.8.1.
% Encoding: Cp1252

@ARTICLE{Ahmed:2009p936,
  author = {Mohamed A. Ahmed and Talal M. Alkhamis},
  title = {Simulation optimization for an emergency department healthcare unit
	in {K}uwait},
  journal = {European Journal of Operational Research},
  year = {2009},
  volume = {198},
  pages = {936-942},
  number = {3},
  issn = {0377-2217}
}

@ARTICLE{Fu:2002p192,
  author = {Michael C. Fu},
  title = {Feature Article: Optimization for simulation: Theory vs. Practice},
  journal = {INFORMS Journal on Computing},
  year = {2002},
  volume = {14},
  pages = {192-215},
  number = {3}
}

@ARTICLE{Hancock:1979p28,
  author = {Hancock, Walton M. and Walter, Paul F.},
  title = {The use of computer simulation to develop hospital systems},
  journal = {SIGSIM Simul. Dig.},
  year = {1979},
  volume = {10},
  pages = {28-32},
  number = {4},
  address = {New York, NY, USA},
  publisher = {ACM}
}

@INCOLLECTION{Hutzschenreuter:2009p320,
  author = {Hutzschenreuter, Anke K. and Bosman, Peter A. and Poutr\'e, Han},
  title = {Evolutionary Multiobjective Optimization for Dynamic Hospital Resource
	Management},
  booktitle = {Evolutionary Multi-Criterion Optimization},
  publisher = {Springer Berlin / Heidelberg},
  year = {2009},
  editor = {Ehrgott, Matthias and Fonseca, Carlos and Gandibleux, Xavier and
	Hao, Jin-Kao and Sevaux, Marc},
  series = {Lecture Notes in Computer Science},
  pages = {320-334},
  isbn = {978-3-642-01019-4},
  location = {Nantes, France}
}

@BOOK{national2007,
  title = {Hospital-Based Emergency Care: At the Breaking Point},
  publisher = {The National Academies Press},
  year = {2007},
  author = {{Institute of Medicine (IoM)} and {Committee on the Future of Emergency
	Care in the United States Health System}},
  address = {Washington, D.C.},
  isbn = {9780309101738},
  url = {http://www.nap.edu/openbook.php?record_id=11621}
}

@INPROCEEDINGS{Jones:2008p338,
  author = {Jones, Spencer S. and Evans, R. Scott},
  title = {An Agent Based Simulation Tool for Scheduling Emergency Department
	Physicians},
  booktitle = {AMIA Annual Symposium proceedings, AMIA Symposium},
  year = {2008},
  pages = {338-342}
}

@ARTICLE{Jacobson:1999p109,
  author = {Jun, J. B. and Jacobson, S. H. and Swisher, J. R.},
  title = {Application of discrete-event simulation in health care clinics:
	{A} survey},
  journal = {Journal of the Operational Research Society},
  year = {1999},
  pages = {109-123},
  month = feb,
  publisher = {Palgrave Macmillan}
}

@INPROCEEDINGS{Laskowski:2008p25,
  author = {Marek Laskowski and Shamir Mukhi},
  title = {Agent-Based Simulation of Emergency Departments with Patient Diversion},
  booktitle = {Electronic Healthcare},
  year = {2008},
  editor = {Weerasinghe, Dasun and Akan, Ozgur and Bellavista, Paolo and Cao,
	Jiannong and Dressler, Falko and Ferrari, Domenico and Gerla, Mario
	and Kobayashi, Hisashi and Palazzo, Sergio and Sahni, Sartaj and
	Shen, Xuemin (Sherman) and Stan, Mircea and Xiaohua, Jia and Zomaya,
	Albert and Coulson, Geoffrey},
  series = {Lecture Notes of the Institute for Computer Sciences, Social Informatics
	and Telecommunications Engineering},
  pages = {25-37},
  publisher = {Springer Berlin Heidelberg}
}

@ARTICLE{Lynn1991287,
  author = {Stephan G Lynn and Arthur L Kellermann},
  title = {Critical decision making: Managing the emergency department in an
	overcrowded hospital},
  journal = {Annals of Emergency Medicine},
  year = {1991},
  volume = {20},
  pages = {287-292},
  number = {3},
  doi = {10.1016/S0196-0644(05)80942-4},
  issn = {0196-0644}
}

@INPROCEEDINGS{Persson:2005p260,
  author = {Jan A. Persson and Paul Davidsson and Stefan J. Johansson and Fredrik
	Wernstedt},
  title = {Combining Agent-Based Approaches and Classical Optimization Techniques},
  booktitle = {EUMAS},
  year = {2005},
  editor = {Marie Pierre Gleizes and Gal A. Kaminka and Ann Now{\'e} and Sascha
	Ossowski and Karl Tuyls and Katja Verbeeck},
  pages = {260-269},
  publisher = {Koninklijke Vlaamse Academie van Belie voor Wetenschappen en Kunsten}
}

@INPROCEEDINGS{Ruohonen:2006p453,
  author = {Ruohonen, T. and Neittaanmaki, P. and Teittinen, J.},
  title = {Simulation {M}odel for {I}mproving the {O}peration of the {E}mergency
	{D}epartment of {S}pecial {H}ealth {C}are},
  booktitle = {Proceedings of the 2006 Winter Simulation Conference},
  year = {2006},
  editor = {L. F. Perrone and F. P. Wieland and J. Liu and B. G. Lawson and D.
	M. Nicol and R. M. Fujimoto},
  pages = {453-458},
  address = {Piscataway, New Jersey},
  month = dec,
  publisher = {Institute of Electrical and Electronics Engineers, Inc.}
}

@ARTICLE{Saunders:1989p134,
  author = {Charles E. Saunders and Paul K. Makens and Larry J. Leblanc},
  title = {Modeling emergency department operations using advanced computer
	simulation systems},
  journal = {Annals of Emergency Medicine},
  year = {1989},
  volume = {18},
  pages = {134-140},
  number = {2}
}

@ARTICLE{Stainsby:2009p536,
  author = {Hayden Stainsby and Manel Taboada and Emilio Luque},
  title = {Towards an Agent-Based Simulation of Hospital Emergency Departments},
  journal = {Services Computing, IEEE International Conference on},
  year = {2009},
  volume = {0},
  pages = {536-539},
  address = {Los Alamitos, CA, USA},
  doi = {http://doi.ieeecomputersociety.org/10.1109/SCC.2009.53},
  isbn = {978-0-7695-3811-2},
  publisher = {IEEE Computer Society}
}

@ARTICLE{Manel:2011p1870,
  author = {Taboada, Manel and Cabrera, Eduardo and Iglesias, Ma Luisa and Epelde,
	Francisco and Luque, Emilio},
  title = {An Agent-Based Decision Support System for Hospitals Emergency Departments},
  journal = {Procedia CS},
  year = {2011},
  volume = {4},
  pages = {1870-1879},
  bibsource = {DBLP, http://dblp.uni-trier.de},
  ee = {http://dx.doi.org/10.1016/j.procs.2011.04.203}
}

@INPROCEEDINGS{Lu:2009p19,
  author = {Lu Wang},
  title = {An agent-based simulation for workflow in Emergency Department},
  booktitle = {Systems and Information Engineering Design Symposium, 2009. SIEDS
	'09.},
  year = {2009},
  pages = {19-23},
  month = apr,
  keywords = {ED workflow;agent-based simulation;emergency department;health care;medical
	care;health care;multi-agent systems;}
}

@INPROCEEDINGS{Weng:2011p1231,
  author = {Shao-Jen Weng and Bing-Chuin Cheng and Shu Ting Kwong and Lee-Min
	Wang and Chun-Yueh Chang},
  title = {Simulation Optimization for emergency department resources allocation},
  booktitle = {Proceedings of the 2011 Winter Simulation Conference},
  year = {2011},
  editor = {S. Jain and R. R. Creasey and J. Himmelspach and K. P. White and
	M. Fu},
  pages = {1231-1238},
  address = {Piscataway, New Jersey},
  month = dec,
  publisher = {Institute of Electrical and Electronics Engineers, Inc.},
  doi = {10.1109/WSC.2011.6147845},
  issn = {0891-7736}
}

@MISC{netlogo,
  author = {U. Wilensky},
  title = {Netlogo},
  year = {1999},
  note = {Northwestern University, Center for Connected Learning and Computer-Based
	Modeling},
  address = {Evanston, IL},
  keywords = {Simulation software, Decentralized mindset},
  url = {http://ccl.northwestern.edu/netlogo}
}

