% This file was created with JabRef 2.8.1.
% Encoding: Cp1252

@INPROCEEDINGS{Parunak:2006,
  author = {H. Van Dyke Parunak and Sven Brueckner},
  title = {Modeling uncertain domains with polyagents},
  booktitle = {AAMAS},
  year = {2006},
  pages = {111-113},
  bibsource = {DBLP, http://dblp.uni-trier.de},
  crossref = {DBLP:conf/atal/2006},
  ee = {http://doi.acm.org/10.1145/1160633.1160648}
}

@INPROCEEDINGS{Olafsson2002,
  author = {\'{O}lafsson, Sigurdur and Kim, Jumi},
  title = {Simulation optimization: simulation optimization},
  booktitle = {Proceedings of the 34th conference on Winter simulation: exploring
	new frontiers},
  year = {2002},
  series = {WSC '02},
  pages = {79--84},
  publisher = {Winter Simulation Conference},
  acmid = {1030467},
  isbn = {0-7803-7615-3},
  location = {San Diego, California},
  numpages = {6},
  url = {http://dl.acm.org/citation.cfm?id=1030453.1030467}
}

@ARTICLE{Ahmed:2009p936,
  author = {Ahmed, Mohamed A. and Alkhamis, Talal M. },
  title = {Simulation optimization for an emergency department healthcare unit
	in {K}uwait},
  journal = {European Journal of Operational Research},
  year = {2009},
  volume = {198},
  pages = {936 -- 942},
  number = {3},
  doi = {DOI: 10.1016/j.ejor.2008.10.025},
  issn = {0377-2217},
  url = {http://www.sciencedirect.com/science/article/B6VCT-4TVTJKM-2/2/70fbaa51d363ee5f2b8208691cd0050a}
}

@TECHREPORT{Allan:2010,
  author = {Allan, R J},
  title = {Survey of agent based modelling and simulation tools},
  institution = {Science \& Technology Facilities Council (Great Britain)},
  year = {2010},
  url = {http://purl.org/net/epubs/manifestation/5601}
}

@ARTICLE{Alrefaei:2001,
  author = {Alrefaei, Mahmoud H. and Andrad{\'o}ttir, Sigr{\'u}n},
  title = {A modification of the stochastic ruler method for discrete stochastic
	optimization },
  journal = {European Journal of Operational Research },
  year = {2001},
  volume = {133},
  pages = {160 - 182},
  number = {1},
  doi = {http://dx.doi.org/10.1016/S0377-2217(00)00190-9},
  issn = {0377-2217},
  keywords = {Simulation},
  url = {http://www.sciencedirect.com/science/article/pii/S0377221700001909}
}

@ARTICLE{Alrefaei:1999,
  author = {Alrefaei, Mahmoud H and Andrad{\'o}ttir, Sigr{\'u}n},
  title = {A simulated annealing algorithm with constant temperature for discrete
	stochastic optimization},
  journal = {Management science},
  year = {1999},
  volume = {45},
  pages = {748--764},
  number = {5},
  publisher = {INFORMS}
}

@ARTICLE{Andradottir:2009,
  author = {Sigr{\'u}n Andrad{\'o}ttir and Andrei A. Prudius},
  title = {Balanced Explorative and Exploitative Search with Estimation for
	Simulation Optimization},
  journal = {INFORMS Journal on Computing},
  year = {2009},
  volume = {21},
  pages = {193-208},
  number = {2},
  bibsource = {DBLP, http://dblp.uni-trier.de},
  ee = {http://dx.doi.org/10.1287/ijoc.1080.0309}
}

@ARTICLE{Andradottir:2006,
  author = {Andrad\'{o}ttir, Sigr\'{u}n},
  title = {Simulation optimization with countably infinite feasible regions:
	Efficiency and convergence},
  journal = {ACM Trans. Model. Comput. Simul.},
  year = {2006},
  volume = {16},
  pages = {357--374},
  number = {4},
  month = oct,
  acmid = {1176252},
  address = {New York, NY, USA},
  doi = {10.1145/1176249.1176252},
  issn = {1049-3301},
  issue_date = {October 2006},
  keywords = {Discrete stochastic optimization, almost sure convergence, estimating
	the optimal solution, global convergence, random search methods,
	unequal allocation of effort to solutions},
  numpages = {18},
  publisher = {ACM},
  url = {http://doi.acm.org/10.1145/1176249.1176252}
}

@ARTICLE{Andradottir:1995,
  author = {Andrad\'{o}ttir, Sigr\'{u}n},
  title = {A method for discrete stochastic optimization},
  journal = {Manage. Sci.},
  year = {1995},
  volume = {41},
  pages = {1946--1961},
  number = {12},
  month = dec,
  acmid = {227168},
  address = {Institute for Operations Research and the Management Sciences (INFORMS),
	Linthicum, Maryland, USA},
  doi = {10.1287/mnsc.41.12.1946},
  issn = {0025-1909},
  issue_date = {Dec. 1995},
  keywords = {nonhomogeneous Markov chains, random walks},
  numpages = {16},
  publisher = {INFORMS},
  url = {http://dx.doi.org/10.1287/mnsc.41.12.1946}
}

@ARTICLE{Andradottir:1996,
  author = {Andradóttir, S.},
  title = {A Global Search Method for Discrete Stochastic Optimization},
  journal = {SIAM Journal on Optimization},
  year = {1996},
  volume = {6},
  pages = {513-530},
  number = {2},
  doi = {10.1137/0806027},
  eprint = {http://epubs.siam.org/doi/pdf/10.1137/0806027},
  url = {http://epubs.siam.org/doi/abs/10.1137/0806027}
}

@INPROCEEDINGS{Arthur:2009:KPS:1747597.1748056,
  author = {Arthur, David and Manthey, Bodo and R\"{o}glin, Heiko},
  title = {k-Means Has Polynomial Smoothed Complexity},
  booktitle = {Proceedings of the 2009 50th Annual IEEE Symposium on Foundations
	of Computer Science},
  year = {2009},
  series = {FOCS '09},
  pages = {405--414},
  address = {Washington, DC, USA},
  publisher = {IEEE Computer Society},
  acmid = {1748056},
  doi = {10.1109/FOCS.2009.14},
  isbn = {978-0-7695-3850-1},
  keywords = {k-means, clustering, smoothed analysis},
  numpages = {10},
  url = {http://dx.doi.org/10.1109/FOCS.2009.14}
}

@ARTICLE{Axelrod:1997p16,
  author = {Axelrod, Robert},
  title = {Advancing the art of simulation in the social sciences},
  journal = {Complexity},
  year = {1997},
  volume = {3},
  pages = {16--22},
  number = {2},
  address = {New York, NY, USA},
  issn = {1076-2787},
  publisher = {John Wiley \& Sons, Inc.}
}

@ARTICLE{Bonabeau:2002p7280,
  author = {Bonabeau, Eric},
  title = {Agent-based modeling: Methods and techniques for simulating human
	systems},
  journal = {Proceedings of the National Academy of Sciences},
  year = {2002},
  volume = {99},
  pages = {7280--7287},
  month = {May},
  citeulike-article-id = {4729877},
  keywords = {agents, modelling},
  posted-at = {2009-06-03 07:41:01},
  priority = {3}
}

@ARTICLE{boyle:2012,
  author = {Adrian Boyle and Kathleen Beniuk and Ian Higginson and Paul Atkinson},
  title = {Emergency Department Crowding: Time for Interventions and Policy
	Evaluations},
  journal = {Emergency Medicine International},
  year = {2012},
  volume = {2012},
  abstract = {This paper summarises the consequences of emergency department crowding.
	It provides a comparison of the scales used to measure emergency
	department crowding. We discuss the multiple causes of crowding and
	present an up-to-date literature review of the interventions that
	reduce the adverse consequences of crowding. We consider interventions
	at the level of an individual hospital and a policy level.},
  doi = {10.1155/2012/838610},
  url = {http://dx.doi.org/10.1155/2012/838610}
}

@INPROCEEDINGS{Cabrera:2012p89,
  author = {Cabrera, Eduardo and Luque, Emilio and Taboada, Manel and Iglesias,
	Ma Luisa and Epelde, Francisco },
  title = {{ABMS} optimization for emergency departments},
  booktitle = {Simulation Conference (WSC), Proceedings of the 2012 Winter},
  year = {2012},
  pages = {1-12}
}

@INPROCEEDINGS{Cabrera:2012p1464,
  author = {Cabrera, Eduardo and Taboada, Manel and Iglesias, Ma Luisa and Epelde,
	Francisco and Luque, Emilio },
  title = {Simulation Optimization for Healthcare Emergency Departments},
  booktitle = {ICCS},
  year = {2012},
  pages = {1464-1473},
  ee = {http://dx.doi.org/10.1016/j.procs.2012.04.161},
  issn = {1877-0509},
  url = {http://www.sciencedirect.com/science/article/pii/S1877050912002827}
}

@INPROCEEDINGS{Cabrera:2012p423,
  author = {Cabrera, Eduardo and Taboada, Manel and Iglesias, Ma Luisa and Epelde,
	Francisco and Luque, Emilio },
  title = {Optimization of emergency departments by agent-based modeling and
	simulation},
  booktitle = {IRI},
  year = {2012},
  pages = {423-430},
  ee = {http://dx.doi.org/10.1109/IRI.2012.6303040}
}

@INPROCEEDINGS{Cabrera:2011p1880,
  author = {Cabrera, Eduardo and Taboada, Manel and Iglesias, Ma Luisa and Epelde,
	Francisco and Luque, Emilio },
  title = {Optimization of Healthcare Emergency Departments by Agent-Based Simulation},
  booktitle = {ICCS},
  year = {2011},
  pages = {1880-1889},
  ee = {http://dx.doi.org/10.1016/j.procs.2011.04.204}
}

@INPROCEEDINGS{Cabrera:2011p159,
  author = {Eduardo Cabrera and Manel Taboada and Emilio Luque},
  title = {{Agent-Based Simulation to Optimize Healthcare Emergency Departments}},
  booktitle = {Actas XXII Jornadas de Paralelismo {(JP2011)}},
  year = {2011},
  editor = {F. Almeida and V. Blanco and C. León and C. Rodríguez and F. de Sande},
  pages = {159--164},
  month = sep,
  publisher = {Universidad de La Laguna},
  affiliation = {Universitat Autònoma de Barcelona},
  isbn = {978-84-694-1791-1},
  localfile = {jornadas-eccf-2011.pdf},
  optnote = {ISBN: 978-84-694-1791-1}
}

@MASTERSTHESIS{Cabrera:2010,
  author = {Cabrera Flores, Eduardo Cesar},
  title = {Agent based simulation to optimise emergency departments},
  school = {Universitat Autonoma de Barcelona},
  year = {2010},
  month = {July}
}

@BOOK{Nunes:2006,
  title = {Fundamentals of Natural Computing (Chapman \& Hall/Crc Computer and
	Information Sciences)},
  publisher = {Chapman \& Hall/CRC},
  year = {2006},
  author = {Castro, Leandro Nunes de},
  isbn = {1584886439}
}

@ARTICLE{Coello:2006,
  author = {Coello Coello, C.A.},
  title = {Evolutionary multi-objective optimization: a historical view of the
	field},
  journal = {Computational Intelligence Magazine, IEEE},
  year = {2006},
  volume = {1},
  pages = { 28--36},
  number = {1},
  month = {feb.},
  doi = {10.1109/MCI.2006.1597059},
  issn = {1556-603X},
  keywords = { evolutionary multiobjective optimization; evolutionary computation;
	optimisation;}
}

@MISC{Netlogo:4.3,
  author = {Center for Connected Learning and Computer-Based Modeling},
  title = {NetLogo},
  year = {1999},
  location = {Evanston, IL},
  url = { http://ccl.northwestern.edu/netlogo/ }
}

@BOOK{Cormen:2009:IAT:1614191,
  title = {Introduction to Algorithms, Third Edition},
  publisher = {The MIT Press},
  year = {2009},
  author = {Cormen, Thomas H. and Leiserson, Charles E. and Rivest, Ronald L.
	and Stein, Clifford},
  edition = {3rd},
  isbn = {0262033844, 9780262033848}
}

@INPROCEEDINGS{Decker:1998p104,
  author = {Decker, K. and Li, J.},
  title = {Coordinated Hospital Patient Scheduling},
  booktitle = {ICMAS '98: Proceedings of the 3rd International Conference on Multi
	Agent Systems},
  year = {1998},
  pages = {104},
  address = {Washington, DC, USA},
  publisher = {IEEE Computer Society},
  isbn = {0-8186-8500-X}
}

@BOOK{Edgeworth:1881,
  title = {Mathematical Psychics},
  publisher = {McMaster University Archive for the History of Economic Thought},
  year = {1881},
  author = {Edgeworth, Francis Ysidro},
  series = {History of Economic Thought Books},
  url = {http://econpapers.repec.org/RePEc:hay:hetboo:edgeworth1881}
}

@ARTICLE{Epstein:2009p687,
  author = {Epstein, Joshua M.},
  title = {Modelling to contain pandemics},
  journal = {Nature},
  year = {2009},
  volume = {460},
  pages = {687},
  number = {7256},
  month = {August},
  publisher = {Nature Publishing Group}
}

@ARTICLE{Fernandes:2005p39,
  author = {Fernandes, Christopher M.B. and Tanabe, Paula and Gilboy, Nicki and
	Johnson, Loren A. },
  title = {Five-level triage: a report from the ACEP/ENA Five-level Triage Task
	Force.},
  journal = {Journal of Emergency Nursing},
  year = {2005},
  volume = {31(1)},
  pages = {39--50}
}

@ARTICLE{Forrester:1985p133,
  author = {Forrester, Jay W.},
  title = {"{T}he" model versus a modeling "process"},
  journal = {System Dynamics Review},
  year = {1985},
  volume = {1},
  pages = {133--134},
  number = {1},
  doi = {10.1002/sdr.4260010112},
  issn = {1099-1727},
  owner = {vaio},
  publisher = {John Wiley \& Sons, Ltd.},
  timestamp = {2013.09.03},
  url = {http://dx.doi.org/10.1002/sdr.4260010112}
}

@ARTICLE{Fu:2002,
  author = {Michael C. Fu},
  title = {Feature Article: Optimization for simulation: Theory vs. Practice},
  journal = {INFORMS Journal on Computing},
  year = {2002},
  volume = {14},
  pages = {192-215},
  number = {3},
  bibsource = {DBLP, http://dblp.uni-trier.de},
  ee = {http://dx.doi.org/10.1287/ijoc.14.3.192.113}
}

@ARTICLE{Fu:1994,
  author = {Fu, Michael C.},
  title = {Optimization via simulation: A review},
  journal = {Annals of Operations Research},
  year = {1994},
  volume = {53},
  pages = {199-247},
  number = {1},
  doi = {10.1007/BF02136830},
  issn = {0254-5330},
  keywords = {Simulation optimization; discrete-event simulation; stochastic optimization;
	stochastic approximation; response surface methodology},
  language = {English},
  publisher = {Baltzer Science Publishers, Baarn/Kluwer Academic Publishers},
  url = {http://dx.doi.org/10.1007/BF02136830}
}

@INPROCEEDINGS{Fu:2000,
  author = {Michael C. Fu and Sigr{\'u}n Andrad{\'o}ttir and John S. Carson II
	and Fred Glover and Charles R. Harrell and Yu-Chi Ho and James P.
	Kelly and Stephen M. Robinson},
  title = {Integrating optimization and simulation: research and practice},
  booktitle = {Winter Simulation Conference},
  year = {2000},
  pages = {610-616},
  bibsource = {DBLP, http://dblp.uni-trier.de},
  ee = {http://doi.acm.org/10.1145/510378.510468}
}

@ARTICLE{Fu:1995,
  author = {Fu,Michael C. and Hu,Jian-Qlang},
  title = {Sensitivity Analysis for Monte Carlo Simulation of Option Pricing},
  journal = {Probability in the Engineering and Informational Sciences},
  year = {1995},
  volume = {9},
  pages = {417--446},
  month = {7},
  doi = {10.1017/S0269964800003958},
  issn = {1469-8951},
  issue = {03},
  numpages = {30},
  url = {http://journals.cambridge.org/article_S0269964800003958}
}

@INPROCEEDINGS{Glover:1996,
  author = {Glover, Fred and Kelly, James P. and Laguna, Manuel},
  title = {New advances and applications of combining simulation and optimization},
  booktitle = {Proceedings of the 28th conference on Winter simulation},
  year = {1996},
  series = {WSC '96},
  pages = {144--152},
  address = {Washington, DC, USA},
  publisher = {IEEE Computer Society},
  acmid = {256595},
  doi = {10.1145/256562.256595},
  isbn = {0-7803-3383-7},
  location = {Coronado, California, USA},
  numpages = {9},
  url = {http://dx.doi.org/10.1145/256562.256595}
}

@BOOK{Goldberg:89,
  title = {Genetic Algorithms in Search Optimization and Machine Learning},
  publisher = {Addison-Wesley},
  year = {1989},
  author = {David E. Goldberg},
  bibsource = {DBLP, http://dblp.uni-trier.de},
  isbn = {0-201-15767-5}
}

@INPROCEEDINGS{Gong:1992,
  author = {Gong, W.-B. and Ho, Y.-C. and Zhai, W.},
  title = {Stochastic comparison algorithm for discrete optimization with estimation},
  booktitle = {Decision and Control, 1992., Proceedings of the 31st IEEE Conference
	on},
  year = {1992},
  pages = {795-800 vol.1},
  doi = {10.1109/CDC.1992.371616},
  keywords = {Markov processes;Monte Carlo methods;convergence of numerical methods;estimation
	theory;iterative methods;optimisation;simulated annealing;Monte Carlo
	estimation;convergence;iterative discrete optimization;iterative
	random search algorithm;objective function;simulated annealing;stochastic
	comparison;stochastic ruler algorithm;time-inhomogeneous Markov chain;Algorithm
	design and analysis;Computer networks;Convergence;Distributed computing;Iterative
	algorithms;Large scale integration;Monte Carlo methods;Programmable
	logic arrays;Routing;Simulated annealing;Stochastic processes;Strontium;System
	testing;Testing}
}

@ARTICLE{Hancock:1979,
  author = {Hancock, Walton M. and Walter, Paul F.},
  title = {The use of computer simulation to develop hospital systems},
  journal = {SIGSIM Simul. Dig.},
  year = {1979},
  volume = {10},
  pages = {28--32},
  number = {4},
  address = {New York, NY, USA},
  doi = {http://doi.acm.org/10.1145/1102815.1102819},
  issn = {0163-6103},
  publisher = {ACM}
}

@ARTICLE{Heath:2008,
  author = {Heath, Brian and Hill, Raymond and Ciarallo, Frank},
  title = {A Survey of Agent-Based Modeling Practices (January 1998 to July
	2008)},
  journal = {Journal of Artificial Societies and Social Simulation},
  year = {2009},
  volume = {12},
  pages = {9},
  number = {4},
  issn = {1460-7425}
}

@BOOK{Hennessy:2011:CAF:1999263,
  title = {Computer Architecture, Fifth Edition: A Quantitative Approach},
  publisher = {Morgan Kaufmann Publishers Inc.},
  year = {2011},
  author = {Hennessy, John L. and Patterson, David A.},
  address = {San Francisco, CA, USA},
  edition = {5th},
  isbn = {012383872X, 9780123838728}
}

@INPROCEEDINGS{Hong:2009,
  author = {Hong, L.J. and Nelson, B.L.},
  title = {A brief introduction to optimization via simulation},
  booktitle = {Simulation Conference (WSC), Proceedings of the 2009 Winter},
  year = {2009},
  pages = {75-85},
  doi = {10.1109/WSC.2009.5429321},
  keywords = {digital simulation;mathematics computing;commercial OvS software;discrete
	OvS problems;optimization via simulation;Analytical models;Approximation
	algorithms;Buffer storage;Computational modeling;Costs;Engineering
	management;Industrial engineering;Material storage;System performance;Technology
	management}
}

@ARTICLE{Hong:2006,
  author = {Hong, L. Jeff and Nelson, Barry L.},
  title = {Discrete Optimization via Simulation Using COMPASS},
  journal = {Oper. Res.},
  year = {2006},
  volume = {54},
  pages = {115--129},
  number = {1},
  month = jan,
  acmid = {1246540},
  address = {Institute for Operations Research and the Management Sciences (INFORMS),
	Linthicum, Maryland, USA},
  doi = {10.1287/opre.1050.0237},
  issn = {0030-364X},
  issue_date = {January-February 2006},
  keywords = {adaptive random search, design of experiments, optimization via simulation,
	programming, simulation, stochastic},
  numpages = {15},
  publisher = {INFORMS},
  url = {http://dx.doi.org/10.1287/opre.1050.0237}
}

@INPROCEEDINGS{Hutzschenreuter:2009,
  author = {Hutzschenreuter, Anke K. and Bosman, Peter A. and Poutr\'{e}, Han},
  title = {Evolutionary Multiobjective Optimization for Dynamic Hospital Resource
	Management},
  booktitle = {EMO '09: Proceedings of the 5th International Conference on Evolutionary
	Multi-Criterion Optimization},
  year = {2009},
  pages = {320--334},
  address = {Berlin, Heidelberg},
  publisher = {Springer-Verlag},
  doi = {http://dx.doi.org/10.1007/978-3-642-01020-0_27},
  isbn = {978-3-642-01019-4},
  location = {Nantes, France}
}

@INPROCEEDINGS{Hutzschenreuter:2008p42,
  author = {Hutzschenreuter, Anke K. and Bosman, Peter A. N. and Blonk-Altena,
	Ilona and van Aarle, Jan and La Poutr\'{e}, Han},
  title = {Agent-based patient admission scheduling in hospitals},
  booktitle = {AAMAS '08: Proceedings of the 7th international joint conference
	on Autonomous agents and multiagent systems},
  year = {2008},
  pages = {45--52},
  address = {Richland, SC},
  publisher = {International Foundation for Autonomous Agents and Multiagent Systems},
  location = {Estoril, Portugal}
}

@BOOK{hwang1984computer,
  title = {Computer architecture and parallel processing},
  publisher = {McGraw-Hill},
  year = {1984},
  author = {Hwang, K. and Briggs, F.A.},
  series = {McGraw-Hill computer communications series},
  isbn = {9780070315563},
  lccn = {83023867},
  owner = {vaio},
  timestamp = {2013.07.25},
  url = {http://books.google.es/books?id=z95QAAAAMAAJ}
}

@BOOK{national2007,
  title = {Hospital-Based Emergency Care: At the Breaking Point},
  publisher = {The National Academies Press},
  year = {2007},
  author = {{Institute of Medicine (IoM)} and {Committee on the Future of Emergency
	Care in the United States Health System}},
  address = {Washington, D.C.},
  isbn = {9780309101738},
  url = {http://www.nap.edu/openbook.php?record_id=11621}
}

@INBOOK{Johnson:2009p211,
  chapter = {Agent-Based Modelling: A Dynamic Scenario Planning Approach to Tourism
	PSS},
  pages = {211--226},
  title = {Planning Support Systems Best Practice and New Methods},
  publisher = {Springer Netherlands},
  year = {2009},
  author = {Johnson, Peter A. and Sieber, Renee },
  volume = {95},
  series = {The GeoJournal Library}
}

@INPROCEEDINGS{Jones:2008p338,
  author = {Jones, Spencer S. and Evans, R. Scott},
  title = {An Agent Based Simulation Tool for Scheduling Emergency Department
	Physicians},
  booktitle = {AMIA Annual Symposium proceedings, AMIA Symposium},
  year = {2008},
  pages = {338--342}
}

@ARTICLE{Jacobson:1999,
  author = {Jun, J. B. and Jacobson, S. H. and Swisher, J. R.},
  title = {Application of discrete-event simulation in health care clinics:
	{A} survey},
  journal = {Journal of the Operational Research Society},
  year = {1999},
  pages = {109--123},
  month = {February},
  citeulike-article-id = {3417066},
  citeulike-linkout-0 = {http://www.ingentaconnect.com/content/pal/01605682/1999/00000050/00000002/2600669},
  issn = {0160-5682},
  keywords = {phd, simulation, toget},
  posted-at = {2008-10-16 10:53:45},
  priority = {2},
  publisher = {Palgrave Macmillan},
  url = {http://www.ingentaconnect.com/content/pal/01605682/1999/00000050/00000002/2600669}
}

@ARTICLE{Kelly:1998,
  author = {Kelly, Kevin},
  title = {ESSAYS ON SCIENCE AND SOCIETY: The Third Culture},
  journal = {Science},
  year = {1998},
  volume = {279},
  pages = {992--993},
  number = {5353},
  doi = {10.1126/science.279.5353.992},
  url = {http://www.sciencemag.org}
}

@ARTICLE{Kim:2005,
  author = {Kim, Pansoo and Ding, Yu},
  title = {Optimal Engineering System Design Guided by Data-Mining Methods},
  journal = {Technometrics},
  year = {2005},
  volume = {47},
  pages = {336-348},
  number = {3},
  doi = {10.1198/004017005000000157},
  eprint = {http://www.tandfonline.com/doi/pdf/10.1198/004017005000000157},
  url = {http://www.tandfonline.com/doi/abs/10.1198/004017005000000157}
}

@BOOK{Kroese:2011,
  title = {Handbook of {Monte Carlo} Methods},
  publisher = {John Wiley and Sons},
  year = {2011},
  author = {D. P. Kroese and T. Taimre and Z. I. Botev},
  address = {New York}
}

@INPROCEEDINGS{Laskowski:2008p25,
  author = {Marek Laskowski and Shamir Mukhi},
  title = {Agent-Based Simulation of Emergency Departments with Patient Diversion},
  booktitle = {eHealth},
  year = {2008},
  pages = {25--37}
}

@BOOK{Law:2007,
  title = {Simulation Modeling and Analysis},
  publisher = {McGraw-Hill Higher Education},
  year = {1999},
  author = {Law, Averill M. and Kelton, David M.},
  isbn = {0070592926}
}

@ARTICLE{Lynn1991287,
  author = {Stephan G Lynn and Arthur L Kellermann},
  title = {Critical decision making: Managing the emergency department in an
	overcrowded hospital},
  journal = {Annals of Emergency Medicine},
  year = {1991},
  volume = {20},
  pages = {287-92},
  number = {3},
  doi = {10.1016/S0196-0644(05)80942-4},
  issn = {0196-0644}
}

@INCOLLECTION{Taboada:2013p1,
  author = {M. Taboada, and E. Cabrera, and E. Luque, and F. Epelde, and M. L.
	Iglesias},
  booktitle = {Advances in Computational Modeling Research: Theory, Developments
	and Applications},
  publisher = {Nova Science Publishers, Incorporated},
  year = {2013},
  editor = {A.B. Kora},
  series = {Computer Science, Technology and Applications
	
	Computer Science, Technology and Applications},
  chapter = {Modeling, Simulation and Optimization of Resources Management in
	Hospital Emergency Departments using the Agent-Based Approach},
  pages = {1-32},
  owner = {vaio},
  timestamp = {2013.10.14}
}

@INPROCEEDINGS{Macal:2006,
  author = {Macal, Charles M. and North, Michael J.},
  title = {Tutorial on agent-based modeling and simulation part 2: how to model
	with agents},
  booktitle = {WSC '06: Proceedings of the 38th conference on Winter simulation},
  year = {2006},
  pages = {73--83},
  publisher = {Winter Simulation Conference},
  isbn = {1-4244-0501-7},
  location = {Monterey, California}
}

@INCOLLECTION{MacKay97:erice,
  author = {MacKay, D. J. C.},
  title = {Learning in Graphical Models},
  publisher = {MIT Press},
  year = {1999},
  editor = {Jordan, Michael I.},
  chapter = {Introduction to Monte Carlo Methods},
  pages = {175--204},
  address = {Cambridge, MA, USA},
  acmid = {308666},
  isbn = {0-262-60032-3},
  numpages = {30},
  url = {http://dl.acm.org/citation.cfm?id=308574.308666}
}

@INCOLLECTION{MacKay:1999,
  author = {D. J. C. MacKay},
  title = {Introduction to {M}onte {C}arlo Methods},
  booktitle = {Learning in Graphical Models},
  publisher = {Kluwer Academic Press},
  year = {1998},
  editor = {M. I. Jordan},
  series = {NATO Science Series},
  pages = {175-204}
}

@BOOK{MacKay:2002:ITI:971143,
  title = {Information Theory, Inference \& Learning Algorithms},
  publisher = {Cambridge University Press},
  year = {2002},
  author = {MacKay, David J. C.},
  address = {New York, NY, USA},
  isbn = {0521642981}
}

@INCOLLECTION{McCain:2011p91,
  author = {McCain, RogerA. and Hamilton, Richard and Linnehan, Frank},
  title = {The Problem of Emergency Department Overcrowding: Agent-Based Simulation
	and Test by Questionnaire},
  booktitle = {Emergent Results of Artificial Economics},
  publisher = {Springer Berlin Heidelberg},
  year = {2011},
  editor = {Osinga, Sjoukje and Hofstede, Gert Jan and Verwaart, Tim},
  volume = {652},
  series = {Lecture Notes in Economics and Mathematical Systems},
  pages = {91-102},
  doi = {10.1007/978-3-642-21108-9_8},
  isbn = {978-3-642-21107-2},
  language = {English},
  url = {http://dx.doi.org/10.1007/978-3-642-21108-9_8}
}

@ARTICLE{Metropolis:1953p1087,
  author = {Metropolis, Nicholas and Rosenbluth, Arianna W. and Rosenbluth, Marshall
	N. and Teller, Augusta H. and Teller, Edward},
  title = {{Equation of State Calculations by Fast Computing Machines}},
  journal = {The Journal of Chemical Physics},
  year = {1953},
  volume = {21},
  pages = {1087--1092},
  number = {6},
  citeulike-article-id = {531300},
  citeulike-linkout-0 = {http://scitation.aip.org/getabs/servlet/GetabsServlet?prog=normal\&id=JCPSA6000021000006001087000001\&idtype=cvips\&gifs=yes},
  citeulike-linkout-1 = {http://link.aip.org/link/?JCP/21/1087},
  citeulike-linkout-2 = {http://dx.doi.org/10.1063/1.1699114},
  doi = {10.1063/1.1699114},
  issn = {00219606},
  keywords = {annealing, simulated},
  posted-at = {2008-03-26 21:50:35},
  priority = {2},
  publisher = {AIP},
  url = {http://dx.doi.org/10.1063/1.1699114}
}

@BOOK{Mitchell:2009p13,
  title = {Complexity: A Guided Tour},
  publisher = {Oxford University Press, Inc.},
  year = {2009},
  author = {Mitchell, Melanie},
  address = {New York, NY, USA},
  isbn = {0195124413, 9780195124415}
}

@INCOLLECTION{Moore:1956,
  author = {Moore, Edward F.},
  title = {{Gedanken Experiments on Sequential Machines}},
  booktitle = {Automata Studies},
  publisher = {Princeton U.},
  year = {1956},
  pages = {129--153},
  keywords = {algorithms, automata},
  posted-at = {2007-08-01 13:05:18},
  priority = {2}
}

@ARTICLE{Moskop:2009p605,
  author = {Moskop, JC and Sklar, DP and Geiderman, JM and Schears, RM and Bookman,
	KJ.},
  title = {Emergency department crowding, part 1--concept, causes, and moral
	consequences.},
  journal = {Annals of Emergency Medicine},
  year = {2009},
  volume = {53},
  pages = {605-11},
  number = {5}
}

@ARTICLE{Moskop:2009p612,
  author = {Moskop, JC and Sklar, DP and Geiderman, JM and Schears, RM and Bookman,
	KJ.},
  title = {Emergency department crowding, part 2--barriers to reform and strategies
	to overcome them.},
  journal = {Annals of Emergency Medicine},
  year = {2009},
  volume = {53},
  pages = {612-7},
  number = {5}
}

@INPROCEEDINGS{Narzisi:2006,
  author = {Giuseppe Narzisi and Venkatesh Mysore and Bud Mishra},
  title = {Multi-objective evolutionary optimization of agent-based models:
	An application to emergency response planning},
  booktitle = {Computational Intelligence},
  year = {2006},
  pages = {228--232}
}

@BOOK{Nealon:2003p3,
  title = {Agent-Based Applications in Health Care},
  year = {2003},
  author = {Nealon, John and Moreno, Antonio},
  pages = {3--18},
  booktitle = {Applications of Software Agent Technology in the Health Care Domain
	, Whitestein Series in Software Agent Technologies, Birkh\"{a}user
	Verlag}
}

@INPROCEEDINGS{Norling:2000p214,
  author = {Emma Norling and Liz Sonenberg and Ralph R{\"o}nnquist},
  title = {Enhancing Multi-Agent Based Simulation with Human-Like Decision Making
	Strategies},
  booktitle = {MABS},
  year = {2000},
  pages = {214--228}
}

@ARTICLE{Ovens:2010,
  author = {Ovens, Howard},
  title = {Saturación de los servicios de urgencias. Una propuesta desde el
	Sistema para un problema del Sistema},
  journal = {Emergencias},
  year = {2010},
  volume = {22},
  pages = {244--246}
}

@INPROCEEDINGS{Torsten:2004p309,
  author = {Paulussen, T. O. and Z\"{o}ller, A. and Heinzl, A. and Braubach,
	L. and Pokahr, A. and Lamersdorf, W.},
  title = {Patient scheduling under uncertainty},
  booktitle = {SAC '04: Proceedings of the 2004 ACM symposium on Applied computing},
  year = {2004},
  pages = {309--310},
  address = {New York, NY, USA},
  publisher = {ACM},
  isbn = {1-58113-812-1},
  location = {Nicosia, Cyprus}
}

@INPROCEEDINGS{Persson:2005,
  author = {Jan A. Persson and Paul Davidsson and Stefan J. Johansson and Fredrik
	Wernstedt},
  title = {Combining Agent-Based Approaches and Classical Optimization Techniques},
  booktitle = {EUMAS},
  year = {2005},
  pages = {260-269}
}

@ARTICLE{Pichitlamken:2003,
  author = {Pichitlamken, Juta and Nelson, Barry L.},
  title = {A combined procedure for optimization via simulation},
  journal = {ACM Trans. Model. Comput. Simul.},
  year = {2003},
  volume = {13},
  pages = {155--179},
  number = {2},
  month = apr,
  acmid = {858485},
  address = {New York, NY, USA},
  doi = {10.1145/858481.858485},
  issn = {1049-3301},
  issue_date = {April 2003},
  keywords = {Random search, ranking and selection, stochastic optimization},
  numpages = {25},
  publisher = {ACM},
  url = {http://doi.acm.org/10.1145/858481.858485}
}

@ARTICLE{Pareto:1965,
  author = {Pierre, Bauchet},
  title = {Pareto ({V}ilfredo) -- {C}ours d'\'economie politique},
  journal = {Revue \'Economique},
  year = {1965},
  volume = {16},
  pages = {811--812},
  number = {5}
}

@INPROCEEDINGS{Prudius:2004,
  author = {Andrei A. Prudius and Sigr{\'u}n Andrad{\'o}ttir},
  title = {Simulation Optimization Using Balanced Explorative and Exploitative
	Search},
  booktitle = {Winter Simulation Conference},
  year = {2004},
  pages = {545-549},
  bibsource = {DBLP, http://dblp.uni-trier.de},
  ee = {http://www.informs-sim.org/wsc04papers/066.pdf}
}

@BOOK{Pun:1969p10,
  title = { Introduction to optimization practice },
  publisher = { Wiley New York, USA },
  year = { 1969 },
  author = { Pun, Lucas },
  isbn = { 471702331 }
}

@INPROCEEDINGS{Ruohonen:2006,
  author = {Ruohonen, T. and Neittaanmaki, P. and Teittinen, J.},
  title = {Simulation {M}odel for {I}mproving the {O}peration of the {E}mergency
	{D}epartment of {S}pecial {H}ealth {C}are},
  booktitle = {Simulation Conference, 2006. WSC 06. Proceedings of the Winter},
  year = {2006},
  pages = {453--458},
  month = {3--6}
}

@ARTICLE{Saunders:1989p134,
  author = {Charles E. Saunders and Paul K. Makens and Larry J. Leblanc},
  title = {Modeling emergency department operations using advanced computer
	simulation systems},
  journal = {Annals of Emergency Medicine},
  year = {1989},
  volume = {18},
  pages = {134-40},
  number = {2},
  issn = {0196-0644}
}

@INPROCEEDINGS{Semini:2006,
  author = {Semini, Marco and Fauske, Hakon and Strandhagen, Jan Ola},
  title = {Applications of discrete-event simulation to support manufacturing
	logistics decision-making: a survey},
  booktitle = {Proceedings of the 38th conference on Winter simulation},
  year = {2006},
  series = {WSC '06},
  pages = {1946--1953},
  publisher = {Winter Simulation Conference},
  acmid = {1218467},
  isbn = {1-4244-0501-7},
  location = {Monterey, California},
  numpages = {8},
  url = {http://dl.acm.org/citation.cfm?id=1218112.1218467}
}

@ARTICLE{Sempere:2001p568,
  author = {Sempere-Selva, T and Peiró, S and Sendra-Pina, P and Martínez-Espín,
	C and López-Aguilera, I.},
  title = {Inappropriate use of an accident and emergency department: magnitude,
	associated factors, and reasons--an approach with explicit criteria.},
  journal = {Annals of Emergency Medicine},
  year = {2001},
  volume = {37},
  pages = {568-79},
  number = {6}
}

@ARTICLE{Shi:2000,
  author = {Shi, Leyuan and \'{O}lafsson, Sigurdur},
  title = {Nested Partitions Method for Stochastic Optimization},
  journal = {Methodology And Computing In Applied Probability},
  year = {2000},
  volume = {2},
  pages = {271-291},
  number = {3},
  doi = {10.1023/A:1010081212560},
  issn = {1387-5841},
  keywords = {simulation-based optimization; combinatorial optimization; Markov
	chain Monte Carlo.},
  language = {English},
  publisher = {Kluwer Academic Publishers},
  url = {http://dx.doi.org/10.1023/A%3A1010081212560}
}

@ARTICLE{Smith:2007p87,
  author = {Smith, Eliot R. and Conrey, Frederica R.},
  title = {Agent-Based Modeling: A New Approach for Theory Building in Social
	Psychology},
  journal = {Pers Soc Psychol Rev},
  year = {2007},
  volume = {11},
  pages = {87--104},
  number = {1}
}

@INPROCEEDINGS{Stainsby:2010p436,
  author = {Hayden Stainsby and Manel Taboada and Emilio Luque},
  title = {Agent-based Simulation to Support Decision Making in Healthcare Management
	Planning},
  booktitle = {HEALTHINF},
  year = {2010},
  pages = {436-441},
  owner = {vaio},
  timestamp = {2013.09.20}
}

@INPROCEEDINGS{Stainsby:2009p536,
  author = {Stainsby, Hayden and Taboada, Manel and Luque, Emilio},
  title = {Towards an Agent-Based Simulation of Hospital Emergency Departments},
  booktitle = {SCC '09: Proceedings of the 2009 IEEE International Conference on
	Services Computing},
  year = {2009},
  pages = {536--539},
  address = {Washington, DC, USA},
  publisher = {IEEE Computer Society},
  isbn = {978-0-7695-3811-2}
}

@MISC{NEDI:2011,
  author = {Steptoe, Anne P and Corel, Blanka and Sullivan, Ashley F and Camargo,
	Carlos A Jr},
  title = {Characterizing emergency departments to improve understanding of
	emergency care systems},
  year = {2011},
  doi = {10.1186/1865-1380-4-42},
  journal = {International Journal of Emergency Medicine},
  number = {1},
  pages = {42},
  url = {http://www.intjem.com/content/4/1/42}
}

@BOOK{Stevens:1986,
  title = {Applied multivariate statistics for the social sciences},
  publisher = {L. Erlbaum Associates Inc.},
  year = {1986},
  author = {Stevens, J},
  address = {Hillsdale, NJ, USA},
  isbn = {0-898-59568-1}
}

@INPROCEEDINGS{Taboada:2011p1870,
  author = {Manel Taboada and Eduardo Cabrera and Ma Luisa Iglesias and Francisco
	Epelde and Emilio Luque},
  title = {An Agent-Based Decision Support System for Hospitals Emergency Departments},
  booktitle = {ICCS},
  year = {2011},
  pages = {1870-1879},
  ee = {http://dx.doi.org/10.1016/j.procs.2011.04.203}
}

@BOOK{Tarantola:1987,
  title = {Inverse problem theory: methods for data fitting and model parameter
	estimation},
  publisher = {Elsevier, Amsterdam},
  year = {1987},
  author = {Tarantola, A.},
  isbn = {9780444427656}
}

@INPROCEEDINGS{Lu:2009,
  author = {Lu Wang},
  title = {An agent-based simulation for workflow in Emergency Department},
  booktitle = {Systems and Information Engineering Design Symposium, 2009. SIEDS
	'09.},
  year = {2009},
  pages = {19 -23},
  month = {24-24},
  doi = {10.1109/SIEDS.2009.5166148},
  keywords = {ED workflow;agent-based simulation;emergency department;health care;medical
	care;health care;multi-agent systems;}
}

@BOOK{Weise:08,
  title = {Global Optimization Algorithms - Theory and Application},
  publisher = {Self-Published},
  year = {2009},
  author = {Weise, Thomas},
  edition = {Second},
  howpublished = {Online as e-book},
  organization = {University of Kassel, Distributed Systems Group},
  url = {http://www.it-weise.de/projects/book.pdf}
}

@BOOK{Wooldridge:2002,
  title = {Introduction to Multiagent Systems},
  publisher = {John Wiley \& Sons, Inc.},
  year = {2001},
  author = {Wooldridge, Michael},
  address = {New York, NY, USA},
  isbn = {047149691X}
}

@ARTICLE{Wuerz:2000p236,
  author = {Wuerz, Richard C. and Milne, Leslie W. and Eitel, David R. and Travers,
	Debbie and Gilboy, Nicki },
  title = {{Reliability and Validity of a New Five-level Triage Instrument}},
  journal = {Academic Emergency Medicine},
  year = {2000},
  volume = {7},
  pages = {236--242},
  doi = {10.1111/j.1553-2712.2000.tb01066.x},
  issue = {3},
  masid = {30704865}
}

@ARTICLE{Yan:1992,
  author = {Yan, D. and Mukai, H.},
  title = {Stochastic Discrete Optimization},
  journal = {SIAM Journal on Control and Optimization},
  year = {1992},
  volume = {30},
  pages = {594-612},
  number = {3},
  doi = {10.1137/0330034},
  eprint = {http://epubs.siam.org/doi/pdf/10.1137/0330034},
  url = {http://epubs.siam.org/doi/abs/10.1137/0330034}
}

@ARTICLE{Zaragoza:2009,
  author = {Zaragoza, Fernández Montserrat and Calvo, Fernández Carmen and Saad,
	Saad Toufic and Morán, Portero Francisco Javier and San José, Pizarro
	Santiago and Hernández, Arenillas Pedro},
  title = {Evolución de la frecuentación en un servicio de urgencias hospitalario},
  journal = {Emergencias},
  year = {2009},
  volume = {21},
  pages = {339--345}
}

